<marc:record xmlns:marc="http://www.loc.gov/MARC21/slim" xmlns:xsi="http://www.w3.org/2001/XMLSchema-instance"
             xsi:schemaLocation="http://www.loc.gov/MARC21/slim http://www.loc.gov/standards/marcxml/schema/MARC21slim.xsd">
<marc:leader>00881nam a22002050a 45 0</marc:leader>
<marc:controlfield tag="001">557727</marc:controlfield>
<marc:controlfield tag="003">NL-AMISG</marc:controlfield>
<marc:controlfield tag="005">20120719125345.0</marc:controlfield>
<marc:controlfield tag="008">199502suuuuuuuu||||||||||||||||||||||| d</marc:controlfield>
<marc:datafield ind1=" " ind2=" " tag="035">
<marc:subfield code="a">(IISG)IISGb10409394</marc:subfield>
</marc:datafield>
<marc:datafield ind1=" " ind2=" " tag="040">
<marc:subfield code="a">NL-AmISG</marc:subfield>
</marc:datafield>
<marc:datafield ind1=" " ind2=" " tag="041">
<marc:subfield code="a">ita</marc:subfield>
<marc:subfield code="a">fra</marc:subfield>
</marc:datafield>
<marc:datafield ind1=" " ind2=" " tag="044">
<marc:subfield code="a">it</marc:subfield>
<marc:subfield code="a">def</marc:subfield>
</marc:datafield>
<marc:datafield ind1="1" ind2="3" tag="245">
<marc:subfield code="a">Le identità regionali :</marc:subfield>
<marc:subfield code="b">fascismo e antifascismo in Piemonte /</marc:subfield>
<marc:subfield code="c">L. Berzano ... [et al.] ; a cura di Maurilio Guasco.</marc:subfield>
</marc:datafield>
<marc:datafield ind1=" " ind2=" " tag="260">
<marc:subfield code="a">Milano :</marc:subfield>
<marc:subfield code="b">Franco Angeli,</marc:subfield>
<marc:subfield code="c">1987.</marc:subfield>
</marc:datafield>
<marc:datafield ind1=" " ind2=" " tag="300">
<marc:subfield code="a">206 p.</marc:subfield>
</marc:datafield>
<marc:datafield ind1=" " ind2=" " tag="500">
<marc:subfield code="a">Atti del Colloquio franco-italiano di Alessandria 8-10 ottobre 1984.</marc:subfield>
</marc:datafield>
<marc:datafield ind1=" " ind2=" " tag="690">
<marc:subfield code="a">It 162</marc:subfield>
<marc:subfield code="b">Italy</marc:subfield>
<marc:subfield code="c">Italië.</marc:subfield>
</marc:datafield>
<marc:datafield ind1=" " ind2=" " tag="690">
<marc:subfield code="a">It 205 A</marc:subfield>
<marc:subfield code="b">Italy; political history and theory; 1922 - 1945, Fascism; Resistenza, resistance, local
			and regional history
</marc:subfield>
<marc:subfield code="c">Italië; politieke geschiedenis en theorie; van 1922 tot 1945, Fascisme; verhandelingen;
			Resistenza in verschillende steden en streken.
</marc:subfield>
</marc:datafield>
<marc:datafield ind1="1" ind2=" " tag="700">
<marc:subfield code="a">Guasco, Maurilio.</marc:subfield>
<marc:subfield code="0">(NL-AMISG)130934</marc:subfield>
</marc:datafield>
<marc:datafield ind1="1" ind2=" " tag="700">
<marc:subfield code="a">Berzano, L.</marc:subfield>
<marc:subfield code="0">(NL-AMISG)457226</marc:subfield>
</marc:datafield>
<marc:datafield ind1="2" ind2=" " tag="711">
<marc:subfield code="a">Colloquio franco-italiano.</marc:subfield>
<marc:subfield code="d">(1984)</marc:subfield>
<marc:subfield code="0">(NL-AMISG)457227</marc:subfield>
</marc:datafield>
<marc:datafield ind1="4" ind2=" " tag="852">
<marc:subfield code="a">IISG</marc:subfield>
<marc:subfield code="b">IISG</marc:subfield>
<marc:subfield code="c">IISG</marc:subfield>
<marc:subfield code="j">1989/690</marc:subfield>
<marc:subfield code="n">Available</marc:subfield>
<marc:subfield code="p">N10376447</marc:subfield>
</marc:datafield>
<marc:datafield ind1=" " ind2=" " tag="901">
<marc:subfield code="a">557727</marc:subfield>
<marc:subfield code="b">Unknown</marc:subfield>
<marc:subfield code="c">557727</marc:subfield>
<marc:subfield code="t">biblio</marc:subfield>
</marc:datafield>
<marc:datafield ind1=" " ind2=" " tag="902">
<marc:subfield code="a">10622/B23A649B-1308-4E50-84AB-DC322F76C752</marc:subfield>
</marc:datafield>
</marc:record>